@techreport{RFC0001,
  author = {Steve Crocker},
  title = {Host Software},
  howpublished = {Internet Requests for Comments},
  type = {RFC},
  number = {1},
  year = {1969},
  month = {April},
  issn = {2070-1721},
  publisher = {RFC Editor},
  institution = {RFC Editor},
}

